<record><leader>00000cas a22000007a 4500</leader><controlfield tag="001">14263797</controlfield><controlfield tag="008">860925d18941895pauwr ne      0    0eng d</controlfield><datafield ind1=" " ind2=" " tag="010"><subfield code="a">sn 89077576 </subfield></datafield><datafield ind1=" " ind2=" " tag="040"><subfield code="a">NPH</subfield><subfield code="b">eng</subfield><subfield code="c">NPH</subfield><subfield code="d">OCLCQ</subfield></datafield><datafield ind1=" " ind2=" " tag="042"><subfield code="a">msc</subfield></datafield><datafield ind1="0" ind2=" " tag="130"><subfield code="a">Erie dispatch (Erie, Pa. : 1894)</subfield></datafield><datafield ind1="1" ind2="4" tag="245"><subfield code="a">The Erie dispatch.</subfield></datafield><datafield ind1="3" ind2="0" tag="246"><subfield code="a">Dispatch-gazette</subfield></datafield><datafield ind1=" " ind2=" " tag="260"><subfield code="a">Erie, Pa. :</subfield><subfield code="b">Stephen W. Bolles,</subfield><subfield code="c">1894-1895.</subfield></datafield><datafield ind1=" " ind2=" " tag="300"><subfield code="a">v. :</subfield><subfield code="b">ill. ;</subfield><subfield code="c">58 cm.</subfield></datafield><datafield ind1=" " ind2=" " tag="310"><subfield code="a">Weekly</subfield></datafield><datafield ind1="0" ind2=" " tag="362"><subfield code="a">Dec. 6, 1894-Jan. 24, 1895.</subfield></datafield><datafield ind1="0" ind2=" " tag="775"><subfield code="t">Erie morning dispatch</subfield><subfield code="w">(DLC)sn 83032029</subfield></datafield><datafield ind1="0" ind2="0" tag="780"><subfield code="t">Erie weekly dispatch</subfield><subfield code="w">(DLC)sn 83032028</subfield></datafield><datafield ind1="0" ind2="7" tag="785"><subfield code="t">Erie gazette (Erie, Pa. : 1871)</subfield><subfield code="w">(DLC)sn 83032030</subfield></datafield><datafield ind1="0" ind2="7" tag="785"><subfield code="t">Dispatch gazette</subfield><subfield code="w">(DLC)sn 85038416</subfield></datafield></record>